@inproceedings{coprocessor2,
  author    = {Norbert Manthey},
  title     = {Coprocessor 2.0 - A Flexible {CNF} Simplifier - (Tool Presentation)},
  booktitle = {SAT},
  series    = {LNCS},
  volume    = {7317},
  year      = {2012},
  pages     = {436-441},
  bibsource = {DBLP, http://dblp.uni-trier.de}
}

@inproceedings{DBLP:conf/sat/HeuleJB11, 
 author  = {Marijn Heule and
        Matti J{\"a}rvisalo and
        Armin Biere}, 
 title   = {Efficient {CNF} Simplification Based on Binary Implication
        Graphs}, 
 pages = {201--215}, 
 year   = {2011}, 
 series = {LNCS}, 
 volume = 6695, 
 booktitle = {SAT},
}
@article{ee-withSCC,
  author    = {Allen Van Gelder},
  title     = {{Toward leaner binary-clause reasoning in a satisfiability solver}},
  journal   = {Ann. Math. Artif. Intell.},
  volume    = {43},
  number    = {1},
  year      = {2005},
  pages     = {239-253},
  ee        = {http://dx.doi.org/10.1007/s10472-005-0433-5},
  bibsource = {DBLP, http://dblp.uni-trier.de}
}

@inproceedings{Wei:2002:ARW:647489.727142,
 author = {Wei, Wei and Selman, Bart},
 title = {Accelerating Random Walks},
 booktitle = {Proceedings of the 8th International Conference on Principles and Practice of Constraint Programming},
 series = {CP '02},
 year = {2002},
 isbn = {3-540-44120-4},
 pages = {216--232},
 numpages = {17},
 acmid = {727142},
 publisher = {Springer-Verlag},
 address = {London, UK, UK},
} 

@inproceedings{DBLP:conf/aaai/Val00,
  author    = {Alvaro del Val},
  title     = {On 2-SAT and Renamable Horn},
  booktitle = {AAAI/IAAI},
  year      = {2000},
  pages     = {279-284},
  ee        = {http://www.aaai.org/Library/AAAI/2000/aaai00-043.php},
  bibsource = {DBLP, http://dblp.uni-trier.de},
  editor    = {Henry A. Kautz and Bruce W. Porter},
}

@inproceedings{DBLP:conf/aaai/SelmanKC94,
  author    = {Bart Selman and
               Henry A. Kautz and
               Bram Cohen},
  title     = {Noise Strategies for Improving Local Search},
  booktitle = {AAAI},
  year      = {1994},
  pages     = {337-343},
  ee        = {http://www.aaai.org/Library/AAAI/1994/aaai94-051.php},
  editor    = {Barbara Hayes-Roth and
               Richard E. Korf},
}


@InProceedings{GebhardManthey:KI:2013, 
 author  = {K. Gebhardt and N. Manthey}, 
 title   = {Parallel Variable Elimination on {CNF} Formulas}, 
 year   = {2013}, 
 pages   = {61-73}, 
 editor  = {I. J. Timm and M. Thimm}, 
 booktitle   = {KI 2013: Advances in Artificial Intelligence,}, 
 series  = {LNCS}, 
 volume  = {8077}, 
}

@inproceedings{DBLP:conf/dac/KuehlmannK97,
  author    = {Andreas Kuehlmann and
               Florian Krohm},
  title     = {Equivalence Checking Using Cuts and Heaps},
  booktitle = {DAC},
  year      = {1997},
  pages     = {263-268},
  ee        = {http://doi.acm.org/10.1145/266021.266090},
  bibsource = {DBLP, http://dblp.uni-trier.de}
}

% http://en.wikipedia.org/wiki/ISO_4
% http://www.issn.org/2-22661-LTWA-online.php

% SAT CONFERENCES
@string {SAT2003 = "SAT~2003"}
@string {SAT2004 = "SAT~2004"}
@string {SAT2005 = "SAT~2005"}
@string {SAT2006 = "SAT~2006"}
@string {SAT2007 = "SAT~2007"}
@string {SAT2008 = "SAT~2008"}
@string {SAT2009 = "SAT~2009"}
@string {SAT2010 = "SAT~2010"}
@string {SAT2011 = "SAT~2011"}
@string {SAT2012 = "SAT~2012"}
@string {SAT2013 = "SAT~2013"}

@string {STOC1971 = "STOC~1991"}

% ITP CONFERNCES
@string {ITP2013 = "ITP~2013"}

@string {AAAI2006 = "AAAI~2006"}

@string {IEAAIE2012 = "IEA / AIE 2012"}

% SMT CONFERENCES
@string {SMT2009 =  "SMT~2009"}

@string {WORKSHOPSMT2010 = "Workshop SMT 2010"}

% LPAR CONFERENCES
@string {LPAR17 = "LPAR~17"}
@string {LPAR2010 = "LPAR~2010"}
@string {LPAR2004 = "LPAR~2004"}

% ECAI CONFERENCES
@string {ECAI1992 = "ECAI~1992" }
@string {ECAI2008 = "ECAI~2008" }
@string {ECAI2012 = "ECAI~2012" } 

% KI CONFERENCE
@string {KI2012 = "KI~2012"}
@string {KI2013 = "Proceedings of the 36th Annual German Conference on Artificial Intelligence (KI~2013)"}


@string {SEA2011 = "SEA~2011"}


@string {TACAS2011 = "TACAS 2011"}
@string {TACAS2010 = "TACAS 2010"}


% CADE CONFERENCE

@string {CADE2011 = "CADE 2011"} % 23

% FTP Workshop
@string {FTP09 = "FTP'09"}

@string {IFIP1959 = "IFIP 1959"}


@string {ICACSIS11 = "ICACSIS~2011"}

@string {LION7 = "LION~7"}

@string {ICCAD2006 = "ICCAD~2006"}
@string {ICCAD96 = "ICCAD~1996"}

@string {TACAS10 = "TACAS~2010"}

@string {IJCAR10 = "IJCAR~2012"} %' ??????
@string {IJCAR2012 = "IJCAR~2012"}


@string {ICTAI03 = "ICTAI~2003"}
@string {ICTAI2011 = "ICTAI 2011"}

@string {IJCAI2001 = "IJCAI~2001"}
@string {IJCAI07 = "IJCAI~2007"}
@string {IJCAI09 = "IJCAI~2009"}

@string {IEAAIE12 = "IEA/AIE~2012"}

@string {DAC99 = "DAC 1999"}
@string {DAC01 = "DAC 2001"}
@string {DAC02 = "DAC 2002"}

@string {CP2000 = "CP 2000"}
@string {CP2005 = "CP 2005"}
@string {CP2010 = "CP 2010"}
@string {CP2012 = "CP 2012"}
@string {CP2013 = "CP 2013"}

@string {CFV2007 = "CFV 2007"}

@string {DATE2003 = "DATE 2003"}

@string {SYMP_AI_MATH2002 = "Symposium on Artificial Intelligence and Mathematics 2002"}

@string {CanadianAI2011 = "Canadian AI 2011"}

@string {CPAIOR2003 = "CP-AI-OR 2004"}
@string {CPAIOR2004 = "CP-AI-OR 2005"}
@string {CPAIOR2005 = "CP-AI-OR 2006"}
@string {CPAIOR2007 = "CP-AI-OR 2007"}

@string {FMCAD2000 = "FMCAD 2000"}
@string {FMCAD2007 = "FMCAD 2007"}
@string {FMCAD2010 = "FMCAD 2010"}

@string {LPNMR2009 = "LPNMR 2009"}

@string {POS2010 = "POS 2010"}
@string {POS2012 = "POS 2012"}

@string {HVC2012 = "HVC 2012"}

@string {DATE2001 = "DATE 2001"}

@string {AAAI1996 = "AAAI 1996"}

% Series
@string {ACM = "ACM"}
@string {LNCS = "LNCS"}
@string {LNAI = "LNAI"}

% Journals

@string {ENTCS = "Electr. Notes Theor. Comput. Sci."}
@string {JACM = "JACM"}
@string {JSAT = "JSAT"}
@string {JAR = "J. Autom. Reason."}
@string {JAIR  = "JAIR"}
@string {JSC = "J. Symb. Comput."}

@string {CACM = "Commun. ACM"}

@string {DAM = "Discrete Appl. Math."}

@string {ANNALS_MATHEMTATICAL_LOGIC = "Annals of Mathematical Logic"}

@string {SATChallenge2012 = "SAT Challenge 2012"}
@string {TCAD = "IEEE Transactions on Computer-Aided Design of Integrated Circuits and Systems"}


@string {SARA2013 = "SARA 2013"}

@string {AI2008 = "AI 2008"}

@string {AAAI_IAAI_1997 = "AAAI 1997, IAAI 1997"}

@string {AAAI2010 = "AAAI 2010"}


@inproceedings{Parkes:1997,
  author    = {Andrew J. Parkes},
  title     = {Clustering at the Phase Transition},
  pages     = {340-345},
  crossref  = {Proceedings:AAAI:1997},
}
@proceedings{Proceedings:AAAI:1997,
  editor    = {Benjamin Kuipers and
               Bonnie L. Webber},
  booktitle = AAAI_IAAI_1997,
  publisher = {AAAI Press / The MIT Press},
  year      = {1997},
}



@inproceedings{PipatsrisawatD:2008,
 author = {Pipatsrisawat, Knot and Darwiche, Adnan},
 title = {A new clause learning scheme for efficient unsatisfiability proofs},
 pages = {1481--1484},
 crossref = {Proceedings:AI:2008},
} 

@Proceedings{Proceedings:AI:2008,
 booktitle = AI2008 ,
 year = {2008},
 publisher = {AAAI Press},
}


@inproceedings{JabbourLS:2013,
  author    = {Sa\"{\i}d Jabbour and
               Jerry Lonlac and
               Lakhdar Sa\"{\i}s},
  title     = {Adding New Bi-Asserting Clauses for Faster Search in Modern
               {SAT} Solvers},
  crossref  = {Proceedings:SARA:2013},
}

@proceedings{Proceedings:SARA:2013,
  editor    = {Alan M. Frisch and
               Peter Gregory},
  booktitle = SARA2013,
  publisher = {AAAI},
  year      = {2013},
}



@inproceedings{BrummayerB:2009,
 author = {Brummayer, Robert and Biere, Armin},
 title = {Fuzzing and delta-debugging {SMT} solvers},
 pages = {1--5},
 crossref={Proceedings:Workshop:SMT:2010}
} 

@proceedings{Proceedings:Workshop:SMT:2010,
 booktitle = WORKSHOPSMT2010,
 year = {2009},
 publisher = ACM
}

@inproceedings{MlazyCard,
year={2014},
isbn={978-3-319-09283-6},
booktitle={Theory and Applications of Satisfiability Testing -- SAT 2014},
volume={8561},
series={Lecture Notes in Computer Science},
editor={Sinz, Carsten and Egly, Uwe},
doi={10.1007/978-3-319-09284-3_22},
title={Detecting Cardinality Constraints in {CNF}},
url={http://dx.doi.org/10.1007/978-3-319-09284-3_22},
publisher={Springer International Publishing},
author={Biere, Armin and Le Berre, Daniel and Lonca, Emmanuel and Manthey, Norbert},
pages={285--301},
language={English}
}

@inproceedings{SATgauss,
author = {Hoos, Holger H. and Kaufmann, B. and Schaub, T. and Schneider, M.},
title = {Robust Benchmark Set Selection for Boolean Constraint Solvers},
year = {2013},
isbn = {9783642449727},
publisher = {Springer-Verlag},
address = {Berlin, Heidelberg},
booktitle = {Revised Selected Papers of the 7th International Conference on Learning and Intelligent Optimization - Volume 7997},
pages = {138â€“152},
numpages = {15},
location = {Catania, Italy},
series = {LION 7}
}
